@MISC{Huang_undated-jb,
  title        = "A hybrid collaborative framework for integrated production
                  scheduling and vehicle routing problem with batch
                  manufacturing and soft time windows",
  author       = "Huang, Ming and Du, Baigang and Guo, Jun",
  howpublished = "\url{https://ezproxyucor.unicordoba.edu.co:2054/science/article/pii/S0305054823002101}",
  note         = "Accessed: 2023-12-7"
}

@BOOK{Edicion2023-vp,
  title     = "Metrolog{\'\i}a Automotriz: Tipos, {SI}, Instrumentos,
               calibradores, probadores, osciloscopio, s{\'\i}mbolos",
  author    = "Edici{\'o}n, E",
  publisher = "Independently Published",
  year      =  2023,
  language  = "es"
}
